@article{sapargaliyev2014wearable,
  title = {{Wearable learning: How Google Glass is changing education}},
  author = {Sapargaliyev, Daniyar},
  year = {2014},
}


@incollection{hollan2000asynchronous,
  title = {{Asynchronous negotiated access}},
  author = {Hollan, James and Stornetta, Scott},
  booktitle = {People and Computers XIVâ€”Usability or Else!},
  pages = {17--26},
  year = {2000},
  publisher = {Springer},
}


@inproceedings{mccurdy4tele,
  title = {{Tele-reality in the wild}},
  author = {McCurdy, Neil J and Griswold, William G},
  organization = {UBICOMP},
}


@article{atzori2010internet,
  title = {{The internet of things: A survey}},
  author = {Atzori, Luigi and Iera, Antonio and Morabito, Giacomo},
  journal = {Computer networks},
  volume = {54},
  number = {15},
  pages = {2787--2805},
  year = {2010},
  publisher = {Elsevier},
}


@inproceedings{wang2014studentlife,
  title = {{StudentLife: assessing mental health, academic performance and behavioral trends of college students using smartphones}},
  author = {Wang, Rui and Chen, Fanglin and Chen, Zhenyu and Li, Tianxing and Harari, Gabriella and Tignor, Stefanie and Zhou, Xia and Ben-Zeev, Dror and Campbell, Andrew T},
  booktitle = {Proceedings of the 2014 ACM International Joint Conference on Pervasive and Ubiquitous Computing},
  pages = {3--14},
  year = {2014},
  organization = {ACM},
}


@article{dowrick2012self,
  title = {{Self model theory: Learning from the future}},
  author = {Dowrick, Peter W},
  journal = {Wiley Interdisciplinary Reviews: Cognitive Science},
  volume = {3},
  number = {2},
  pages = {215--230},
  year = {2012},
  publisher = {Wiley Online Library},
}


@PHDTHESIS{dowrick1976,
  author = {Dowrick, P},
  title = {{Self modelling: A videotape training technique for disturbed and disabled children. Doctoral dissertation, University of Auckland, New Zealand}},
  school = {University of Auckland},
  year = {1976},
}
